% ARTICLES ---------------------------------------------------------------------

@article{roweissaul2000,
  title = {Nonlinear dimensionality reduction by locally linear embedding},
  author = {Sam T. Roweis and Lawrence K. Saul},
  journal = {Science},
  year = {2000},
  volume = {290},
  number = {5500},
  pages = {2323-2326}
}

% BOOKS ------------------------------------------------------------------------
% BOOK PARTS -------------------------------------------------------------------
% PROCEEDINGS ------------------------------------------------------------------

@inproceedings{yangetal2006,
  title = {Semi-supervised nonlinear dimensionality reduction},
  author = {Xin Yang and Haoying Fu and Hongyuan Zha and Jesse Barlow},
  booktitle = {Proceedings of the 23rd International Conference on Machine
  Learning},
  year = {2006},
  month = {June},
  address = {Pittsburgh, PA, USA}
}

% SOFTWARE ---------------------------------------------------------------------
% URL --------------------------------------------------------------------------
% MISCELLANEOUS ----------------------------------------------------------------