% ARTICLES ---------------------------------------------------------------------

@article{bouveyronetal2011,
  title = {Intrinsic Dimension Estimation by Maximum Likelihood in Isotropic 
  Probabilistic PCA},
  author = {Charles Bouveyron and Gilles Celeux and Stéphane Girard},
  journal = {Pattern Recognition Letters},
  year = {2011},
  volume = {32},
  number = {14},
  pages = {1706-1713}
}

@article{tippingbishop1999,
  title = {Mixtures of Probabilistic Principal Component Analysers},
  author = {Michael E. Tipping and Christopher M. Bishop},
  journal = {Neural Computation},
  year = {1999},
  volume = {11},
  number = {2},
  pages = {443-482}
}

% BOOKS ------------------------------------------------------------------------

@book{bishop2006,
  title = {Pattern Recognition and Machine Learning},
  author = {Christopher M. Bishop},
  year = {2006},
  publisher = {Springer}
}

% PROCEEDINGS ------------------------------------------------------------------

@inproceedings{belkinniyogi2001,
  title = {Laplacian Eigenmaps and Spectral Technique for Embedding and 
  Clustering},
  author = {Mikhail Belkin and Partha Niyogi},
  booktitle = {Proceedings of the 14th International Conference on Neural 
  Information Processing Systems: Natural and Synthetic},
  pages = {585–591},
  year = {2001},
  month = {December},
  location = {Vancouver, British Columbia, Canada}
}

% TECH REPORTS -----------------------------------------------------------------

@techreport{burges2004,
  title = {Geometric Methods for Feature Extraction and Dimensional Reduction: 
  A Guided Tour},
  author = {Christopher J. C. Burges},
  institution = {Microsoft Research},
  year = {2004},
  number = {MSR-TR-2004-55}
}

@techreport{shlens2005,
  title = {A Tutorial on Principal Component Analysis},
  author = {Jonathon Shlens},
  year = {2005}
}