% ARTICLES ---------------------------------------------------------------------

@article{donohogrimes2003,
  title = {Hessian Eigenmaps: Locally Linear Embedding Techniques for 
  High-Dimensional Data},
  author = {David L. Donoho and Carrie Grimes},
  journal = {Proceedings of the National Academy of Sciences of the United 
  States of America},
  number = {10},
  pages = {5591-5596},
  publisher = {National Academy of Sciences},
  volume = {100},
  year = {2003}
}
